<record><leader>00000cas a22000007a 4500</leader><controlfield tag="001">14201463</controlfield><controlfield tag="008">860910c18859999txuwr ne      0    0eng d</controlfield><datafield ind1=" " ind2=" " tag="010"><subfield code="a">sn 86088927 </subfield></datafield><datafield ind1=" " ind2=" " tag="040"><subfield code="a">PPM</subfield><subfield code="b">eng</subfield><subfield code="c">PPM</subfield><subfield code="d">OCLCQ</subfield></datafield><datafield ind1=" " ind2=" " tag="042"><subfield code="a">msc</subfield></datafield><datafield ind1="0" ind2="4" tag="245"><subfield code="a">The Farmersville times.</subfield></datafield><datafield ind1="3" ind2="0" tag="246"><subfield code="a">Farmersville times and the Princeton herald</subfield></datafield><datafield ind1=" " ind2=" " tag="260"><subfield code="a">Farmersville, Tex. :</subfield><subfield code="b">Whitley Bros.</subfield></datafield><datafield ind1=" " ind2=" " tag="300"><subfield code="a">v. :</subfield><subfield code="b">ill.</subfield></datafield><datafield ind1=" " ind2=" " tag="310"><subfield code="a">Weekly</subfield></datafield><datafield ind1="1" ind2=" " tag="362"><subfield code="a">Began in 1885?</subfield></datafield><datafield ind1=" " ind2=" " tag="588"><subfield code="a">Description based on: Vol. 23, no. 47 (Jan. 24, 1908).</subfield></datafield><datafield ind1=" " ind2=" " tag="752"><subfield code="a">United States</subfield><subfield code="b">Texas</subfield><subfield code="c">Collin</subfield><subfield code="d">Farmersville.</subfield></datafield><datafield ind1="0" ind2=" " tag="775"><subfield code="t">Princeton herald (Farmersville, Tex.)</subfield><subfield code="w">(DLC)sn 88083021</subfield></datafield></record>